@ONLINE{e_commerce_def,
  author = {Wikipedia},
  title = {Commerce},
  url = {https://en.wikipedia.org/wiki/Commerce}
}